@misc{Youtube2019,
   author = {YouTube},
   note = {[Online; accessed 07-November-2022]},
   journal = {YouTube},
   month = {2},
   publisher = {YouTube},
   title = {Solid battery},
   url = {https://www.youtube.com/channel/UCBs-Bmn0Y61415X5G91lWSQ},
   year = {2019},
}
@misc{Seilnacht2022,
   author = {Thomas Seilnacht},
   note = {[Online; accessed 07-November-2022]},
   title = {Farbstoffsolarzellen selbst bauen},
   url = {https://seilnacht.com/versuche/expsol01.html},
}
@misc{Miller2022,
   author = {Chance Miller},
   note = {[Online; accessed 07-November-2022]},
   journal = {9to5Mac},
   month = {9},
   title = {IPhone 14 battery capacity: Here's how the numbers compare to iPhone 13},
   url = {https://9to5mac.com/2022/09/11/iphone-14-battery-sizes/},
   year = {2022},
}
@misc{Klaus2022,
   author = {Maximilian Klaus and Marco Oetken},
   note = {[Online; accessed 07-November-2022]},
   title = {Ein funktionsfähiger natrium-ionen-akku für die Schule - Chemie.BW},
   url = {https://www.chemie.com/fileadmin/user_upload/content/chemie_com_news/Versuchsbeschreibung_Natrium-Akkumulator.pdf},
}
@misc{Katwala2018, 
    author={Katwala, Amit}, 
    note = {[Online; accessed 07-November-2022]},
    journal={WIRED UK}, 
    month={8},
    title={The spiralling environmental cost of our lithium battery addiction}, 
    url={https://www.wired.co.uk/article/lithium-batteries-environment-impact}, 
    year={2018}, 
} 
@misc{Ikea2022,
   author = {IKEA},
   note = {[Online; accessed 07-November-2022]},
   journal = {IKEA},
   title = {GLIMMA unscented tealights},
   url = {https://www.ikea.com/us/en/p/glimma-unscented-tealights-50097995/},
}
@misc{WikipediaFTO2022,
   author = {Wikipedia contributors},
   note = {[Online; accessed 07-November-2022]},
   title = {Transparent conducting film — Wikipedia, The Free Encyclopedia},
   url = {https://en.wikipedia.org/w/index.php?title=Transparent_conducting_film&oldid=1114163187},
   year = {2022},
}
@misc{WikipediaAbun2022,
   author = {Wikipedia contributors},
   note = {[Online; accessed 07-November-2022]},
   title = {Abundance of elements in Earth's crust — Wikipedia, The Free Encyclopedia},
   url = {https://en.wikipedia.org/w/index.php?title=Abundance_of_elements_in_Earth%27s_crust&oldid=1106610459},
   year = {2022},
}
@misc{Schumm2022,
   author = {Brooke Schumm},
   note = {[Online; accessed 07-November-2022]},
   journal = {Encyclopædia Britannica},
   month = {9},
   publisher = {Encyclopædia Britannica, inc.},
   title = {Development of batteries},
   url = {https://www.britannica.com/technology/battery-electronics/Development-of-batteries},
   year = {2022},
}
@misc{Laricchia2022,
   author = {Federica Laricchia},
   note = {[Online; accessed 07-November-2022]},
   journal = {Statista},
   month = {10},
   title = {Smartphone sales worldwide 2007-2021},
   url = {https://www.statista.com/statistics/263437/global-smartphone-sales-to-end-users-since-2007/},
   year = {2022},
}
@misc{Bates2012,
   author = {Mary Bates},
   note = {[Online; accessed 07-November-2022]},
   journal = {Mit Engineering},
   month = {5},
   title = {How does a battery work?},
   url = {https://engineering.mit.edu/engage/ask-an-engineer/how-does-a-battery-work/},
   year = {2012},
}
@misc{Prevention2019,
   author = {centers for disease control and prevention},
   note = {[Online; accessed 07-November-2022]},
   journal = {Centers for Disease Control and Prevention},
   month = {10},
   publisher={Centers for Disease Control and Prevention}, 
   title = {CDC - NIOSH Pocket Guide to Chemical Hazards - titanium dioxide},
   url = {https://www.cdc.gov/niosh/npg/npgd0617.html},
   year = {2019},
}
@misc{Castell2022,
   author = {Faber Castell},
   note = {[Online; accessed 07-November-2022]},
   journal = {Faber},
   title = {Pitt® Graphite pure pencil - 6B - \#117307},
   url = {https://www.fabercastell.com/products/pitt-graphite-pure-pencil-6b-117307},
   year = {2022},
}
@misc{Relations2022,
   author={Tesla Investor Relations},
   note = {[Online; accessed 07-November-2022]},
   journal={Tesla Investor Relations}, 
   month = {4},
   publisher={Centers for Disease Control and Prevention}, 
   title={Tesla Vehicle Production, deliveries and date for Financial Results webcast for First Quarter 2022}, 
   url={https://ir.tesla.com/press-release/tesla-vehicle-production-deliveries-and-date-financial-results-webcast-first-quarter}, 
   year={2022}, 
}
@misc{Panasonic2018,
    author={Panasonic},
    note = {[Online; accessed 07-November-2022]},
    journal={Panasonic}, 
    month={2},
    title={Panasonic: UR18650RX - Datasheet}, 
    url={https://api.pim.na.industrial.panasonic.com/file_stream/main/fileversion/3450}, 
    year={2018}, 
} 
@misc{Alves2022, 
    author={Alves, Bruna},
    note = {[Online; accessed 07-November-2022]},
    journal={Statista}, 
    month={9},
    title={World Electricity Consumption}, 
    url={https://www.statista.com/statistics/280704/world-power-consumption/}, 
    year={2022}, 
 } 
@misc{WorldBank2020, 
    author={The World Bank},
    note = {[Online; accessed 07-November-2022]},
    journal={Data},
    title={Access to electricity (\% of population)}, 
    url={https://data.worldbank.org/indicator/EG.ELC.ACCS.ZS?}, 
    year={2020},
}
@misc{Hoffman2022, 
    author={Adam Hoffman},
    note = {[Online; accessed 07-November-2022]},
    month={11},
    title={ A-Quantitative-Analysis-of-Homemade-Sodium-Ion-Batteries}, 
    url={https://github.com/ogmountainman/A-Quantitative-Analysis-of-Homemade-Sodium-Ion-Batteries}, 
    year={2022},
}
@inbook{Beerenwinkel2012,
   author = {Anne Beerenwinkel and Thomas Bitter},
   journal = {Elemente Chemie},
   pages = {224},
   publisher = {Klett},
   title = {Redoxreaktionen und Elektrochemie},
   year = {2012},
}
@inbook{Frei2016, 
    author={Frei, Alfons},
    journal={Fundamentum mathematics and physics formulae, terms, tables for «sekundarstufen I und ii»},
    pages={95},
    publisher={Orell Füssli Verlag},
    title={Eletrizitätslehre}, 
    year={2016},
} 
@inbook{Kammer2019, 
    author={Hans Kammer and Irma Mgeladze},
    journal={Physik für Mittelschulen},
    pages={226},
    publisher={hep Verlag},
    title={Elektromagnetismus}, 
    year={2019},
}
@article{Dai2021,
   author = {Hanqing Dai and Yuanyuan Chen and Wenqian Xu and Zhe Hu and Jing Gu and Xian Wei and Fengxian Xie and Wanlu Zhang and Wei Wei and Ruiqian Guo and Guoqi Zhang},
   doi = {10.1002/ente.202000682},
   issn = {2194-4288},
   issue = {1},
   journal = {Energy Technology},
   month = {1},
   pages = {2000682},
   title = {A Review of Modification Methods of Solid Electrolytes for All‐Solid‐State Sodium‐Ion Batteries},
   volume = {9},
   year = {2021},
}
@article{Xiang2015,
   author = {Xingde Xiang and Kai Zhang and Jun Chen},
   doi = {10.1002/adma.201501527},
   issn = {15214095},
   issue = {36},
   journal = {Advanced Materials},
   keywords = {cathode materials,cycling life,rate capability,sodium-ion batteries,specific energy},
   month = {9},
   pages = {5343-5364},
   publisher = {Wiley-VCH Verlag},
   title = {Recent advances and prospects of cathode materials for sodium-ion batteries},
   volume = {27},
   year = {2015},
}
@article{Wu2015,
   author = {Liming Wu and Dominic Bresser and Daniel Buchholz and Guinevere A. Giffin and Claudia Ramirez Castro and Anders Ochel and Stefano Passerini},
   doi = {10.1002/aenm.201401142},
   issn = {16146840},
   issue = {2},
   journal = {Advanced Energy Materials},
   month = {1},
   publisher = {Wiley-VCH Verlag},
   title = {Unfolding the Mechanism of Sodium Insertion in Anatase TiO2 Nanoparticles},
   volume = {5},
   year = {2015},
}
@article{Peters2017,
   author = {Jens F Peters and Manuel Baumann and Benedikt Zimmermann and Jessica Braun and Marcel Weil},
   doi = {10.1016/j.rser.2016.08.039},
   issn = {1364-0321},
   journal = {Renewable and Sustainable Energy Reviews},
   pages = {491-506},
   title = {The environmental impact of Li-Ion batteries and the role of key parameters – A review},
   volume = {67},
   url = {https://www.sciencedirect.com/science/article/pii/S1364032116304713},
   year = {2017},
}
@article{Wang2012,
   author = {Qingsong Wang and Ping Ping and Xuejuan Zhao and Guanquan Chu and Jinhua Sun and Chunhua Chen},
   doi = {10.1016/j.jpowsour.2012.02.038},
   issn = {0378-7753},
   journal = {Journal of Power Sources},
   pages = {210-224},
   title = {Thermal runaway caused fire and explosion of lithium ion battery},
   volume = {208},
   url = {https://www.sciencedirect.com/science/article/pii/S0378775312003989},
   year = {2012},
}
@article{Peters2016,
   author = {Jens F Peters and Marcel Weil},
   doi = {10.3390/resources5040046},
   issn = {2079-9276},
   issue = {4},
   journal = {Resources},
   title = {A Critical Assessment of the Resource Depletion Potential of Current and Future Lithium-Ion Batteries},
   volume = {5},
   url = {https://www.mdpi.com/2079-9276/5/4/46},
   year = {2016},
}
@article{Tarascon2010,
   author = {Jean-Marie Tarascon},
   doi = {10.1038/nchem.680},
   issn = {1755-4349},
   issue = {6},
   journal = {Nature Chemistry},
   pages = {510},
   title = {Is lithium the new gold?},
   volume = {2},
   year = {2010},
}
@article{Mrozik2021,
   author = {Wojciech Mrozik and Mohammad Ali Rajaeifar and Oliver Heidrich and Paul Christensen},
   doi = {10.1039/D1EE00691F},
   issue = {12},
   journal = {Energy Environ. Sci.},
   pages = {6099-6121},
   publisher = {The Royal Society of Chemistry},
   title = {Environmental impacts, pollution sources and pathways of spent lithium-ion batteries},
   volume = {14},
   url = {http://dx.doi.org/10.1039/D1EE00691F},
   year = {2021},
}
@article{Zhao2022,
   author = {Lina Zhao and Teng Zhang and Wei Li and Tao Li and Long Zhang and Xiaoguang Zhang and Zhiyi Wang},
   doi = {10.1016/j.eng.2021.08.032},
   issn = {2095-8099},
   journal = {Engineering},
   title = {Engineering of sodium-ion batteries: Opportunities and challenges},
   url = {https://www.sciencedirect.com/science/article/pii/S2095809922003630},
   year = {2022},
}
@article{Guo2016,
   author = {Shaohua Guo and Jin Yi and Yang Sun and Haoshen Zhou},
   doi = {10.1039/C6EE01807F},
   issue = {10},
   journal = {Energy Environ. Sci.},
   pages = {2978-3006},
   publisher = {The Royal Society of Chemistry},
   title = {Recent advances in titanium-based electrode materials for stationary sodium-ion batteries},
   volume = {9},
   url = {http://dx.doi.org/10.1039/C6EE01807F},
   year = {2016},
}
@article{Xie2020,
   author = {Fei Xie and Zhen Xu and Zhenyu Guo and Maria-Magdalena Titirici},
   doi = {10.1088/2516-1083/aba5f5},
   issue = {4},
   journal = {Progress in Energy},
   month = {9},
   pages = {42002},
   publisher = {IOP Publishing},
   title = {Hard carbons for sodium-ion batteries and beyond},
   volume = {2},
   url = {https://dx.doi.org/10.1088/2516-1083/aba5f5},
   year = {2020},
}
@article{Che2017,
   author = {Haiying Che and Suli Chen and Yingying Xie and Hong Wang and Khalil Amine and Xiao-Zhen Liao and Zi-Feng Ma},
   doi = {10.1039/C7EE00524E},
   issue = {5},
   journal = {Energy Environ. Sci.},
   pages = {1075-1101},
   publisher = {The Royal Society of Chemistry},
   title = {Electrolyte design strategies and research progress for room-temperature sodium-ion batteries},
   volume = {10},
   url = {http://dx.doi.org/10.1039/C7EE00524E},
   year = {2017},
}
